<collection xmlns="http://www.loc.gov/MARC21/slim">
<record>
  <leader>01948nam0a2200325 i 450 </leader>
  <controlfield tag="001">IT\ICCU\CNCE\053449</controlfield>
  <controlfield tag="005">20030919000000.0</controlfield>
  <datafield tag="012" ind1=" " ind2=" ">
    <subfield code="a">t:en isra o.lu obin (3) 1508 (A)</subfield>
    <subfield code="2">fei</subfield>
  </datafield>
  <datafield tag="100" ind1=" " ind2=" ">
    <subfield code="a">20021112d1508        0itac0103    ba</subfield>
  </datafield>
  <datafield tag="101" ind1=" " ind2=" ">
    <subfield code="a">LAT</subfield>
  </datafield>
  <datafield tag="102" ind1=" " ind2=" ">
    <subfield code="a">IT</subfield>
  </datafield>
  <datafield tag="200" ind1="1" ind2=" ">
    <subfield code="a">℗Excellentiss. i. v. doc. d. Iasonis de Maino ℗Lectura insignis super secunda parte Codicis cum apostillis nouissime impressa &amp; per ipsum d. Iasonem diligentissime reuisa. Vna cum tabula nuper per d. Benedictum de Vadis Forosemproniensem i. v. docto. edita</subfield>
  </datafield>
  <datafield tag="210" ind1=" " ind2=" ">
    <subfield code="e">Impressa vero Venetijs</subfield>
    <subfield code="g">per Philippum Pincium Mantuanum</subfield>
    <subfield code="h">1508 die 23 Martij</subfield>
  </datafield>
  <datafield tag="215" ind1=" " ind2=" ">
    <subfield code="a">\8!, 219 \i.e. 221!, \1! c.</subfield>
    <subfield code="d">fol</subfield>
  </datafield>
  <datafield tag="300" ind1=" " ind2=" ">
    <subfield code="a">Precede con front. proprio: Tabula do. Iasonis de Mayno in secundam Codicis partem nouiter per do. Benedi. de Vadis ... edita</subfield>
  </datafield>
  <datafield tag="620" ind1=" " ind2=" ">
    <subfield code="a">IT</subfield>
    <subfield code="d">Venezia</subfield>
  </datafield>
  <datafield tag="700" ind1=" " ind2="1">
    <subfield code="a">Del_Maino,</subfield>
    <subfield code="b">Giasone</subfield>
    <subfield code="3">IT\ICCU\CNCA\001207</subfield>
  </datafield>
  <datafield tag="702" ind1=" " ind2="1">
    <subfield code="a">Vadi,</subfield>
    <subfield code="b">Benedetto</subfield>
    <subfield code="3">IT\ICCU\CNCA\000008</subfield>
  </datafield>
  <datafield tag="712" ind1="0" ind2="0">
    <subfield code="a">Pinzi, Filippo</subfield>
    <subfield code="c"> &lt;1.&gt;</subfield>
    <subfield code="3">IT\ICCU\CNCT\001506</subfield>
    <subfield code="4">650</subfield>
  </datafield>
  <datafield tag="790" ind1=" " ind2="1">
    <subfield code="a">Dal_Maino,</subfield>
    <subfield code="b">Giasone</subfield>
    <subfield code="3">IT\ICCU\CNCA\010187</subfield>
    <subfield code="z">Del_Maino, Giasone</subfield>
  </datafield>
  <datafield tag="790" ind1=" " ind2="1">
    <subfield code="a">Maino,</subfield>
    <subfield code="b">Giasone : del</subfield>
    <subfield code="3">IT\ICCU\CNCA\014607</subfield>
    <subfield code="z">Del_Maino, Giasone</subfield>
  </datafield>
  <datafield tag="790" ind1=" " ind2="1">
    <subfield code="a">Maynus,</subfield>
    <subfield code="b">Giasone : del</subfield>
    <subfield code="3">IT\ICCU\CNCA\018337</subfield>
    <subfield code="z">Del_Maino, Giasone</subfield>
  </datafield>
  <datafield tag="790" ind1=" " ind2="1">
    <subfield code="a">Maino,</subfield>
    <subfield code="b">Jason</subfield>
    <subfield code="3">IT\ICCU\CNCA\018343</subfield>
    <subfield code="z">Del_Maino, Giasone</subfield>
  </datafield>
  <datafield tag="790" ind1=" " ind2="1">
    <subfield code="a">Mainus,</subfield>
    <subfield code="b">Iason</subfield>
    <subfield code="3">IT\ICCU\CNCA\022699</subfield>
    <subfield code="z">Del_Maino, Giasone</subfield>
  </datafield>
  <datafield tag="790" ind1=" " ind2="1">
    <subfield code="a">Vadis,</subfield>
    <subfield code="b">Benedictus : de</subfield>
    <subfield code="3">IT\ICCU\CNCA\022667</subfield>
    <subfield code="z">Vadi, Benedetto</subfield>
  </datafield>
  <datafield tag="791" ind1="0" ind2="0">
    <subfield code="a">Pincius, Philippus</subfield>
    <subfield code="c"> &lt;1.&gt;</subfield>
    <subfield code="3">IT\ICCU\CNCT\004047</subfield>
    <subfield code="z">Pinzi, Filippo &lt;1.&gt;</subfield>
  </datafield>
  <datafield tag="801" ind1=" " ind2="3">
    <subfield code="a">IT</subfield>
    <subfield code="b">ICCU</subfield>
    <subfield code="c">20201115</subfield>
  </datafield>
  <datafield tag="899" ind1=" " ind2=" ">
    <subfield code="a">Biblioteca comunale dell&apos;Archiginnasio. Bologna</subfield>
    <subfield code="1">BO0304</subfield>
    <subfield code="2">UBO GA</subfield>
  </datafield>
  <datafield tag="911" ind1=" " ind2=" ">
    <subfield code="a">Nel colophon</subfield>
    <subfield code="9">IT\ICCU\CNCM\000670</subfield>
  </datafield>
  <datafield tag="921" ind1=" " ind2=" ">
    <subfield code="a">IT\ICCU\CNCM\000670</subfield>
    <subfield code="b">S. Antonio abate col bastone, la campanella ed il porcellino; dal palmo della mano sin. del santo esce una fiamma.</subfield>
    <subfield code="e">Defende nos beate pater Antoni.</subfield>
    <subfield code="c">K265</subfield>
    <subfield code="c">Z103</subfield>
    <subfield code="f">BASTONE</subfield>
    <subfield code="f">CAMPANELLA</subfield>
    <subfield code="f">DEFENDENOS</subfield>
    <subfield code="f">SANTO</subfield>
    <subfield code="g">1506-1525</subfield>
  </datafield>
</record>
</collection>
